@misc{monitoringCodeOurImplementation,
  author = {},
  title = {Active Link Monitoring},
  year = {2020},
  publisher = {GitHub},
  journal = {GitHub repository},
  howpublished = {\url{https://github.com/mohammad59mt/active_monitoring}}
}


@article{cplex2009v12,
  title={V12. 1: Userâ€™s Manual for CPLEX},
  author={Cplex, IBM ILOG},
  journal={International Business Machines Corporation},
  volume={46},
  number={53},
  pages={157},
  year={2009}
}

@article{tian2020high,
  title={A High-Precision Energy-Efficient GPS Time-Sync Method for High-Density Seismic Surveys},
  author={Tian, Ruyun and Zhang, Junjie and Zhang, Shuai and Wang, Longxu and Yang, Hongyuan and Chen, Yuda and Jiang, Yuanjie and Lin, Jun and Zhang, Linhang},
  journal={Applied Sciences},
  volume={10},
  number={11},
  pages={3768},
  year={2020},
  publisher={Multidisciplinary Digital Publishing Institute}
}


@incollection{lawrence2006networkNew,
  title={Network tomography: A review and recent developments},
  author={Lawrence, Earl and Michailidis, George and Nair, Vijayan N and Xi, Bowei},
  booktitle={Frontiers in statistics},
  pages={345--366},
  year={2006},
  publisher={World Scientific}
}

@article{vardi1996network,
  title={Network tomography: Estimating source-destination traffic intensities from link data},
  author={Vardi, Yehuda},
  journal={Journal of the American statistical association},
  volume={91},
  number={433},
  pages={365--377},
  year={1996},
  publisher={Taylor \& Francis Group}
}

 @misc{wikipedia_2020_listOptimization_software, title={List of optimization software}, url={https://en.wikipedia.org/wiki/List_of_optimization_software}, journal={Wikipedia}, publisher={Wikimedia Foundation}, year={2020}, month={Sep}} 

@article{zhang2020joint,
  title={Joint optimization of latency monitoring and traffic scheduling in software defined heterogeneous networks},
  author={Zhang, Xu and Hou, Weigang and Guo, Lei and Zhang, Qihan and Guo, Pengxing and Li, Ruijia},
  journal={Mobile Networks and Applications},
  volume={25},
  number={1},
  pages={102--113},
  year={2020},
  publisher={Springer}
}

@article{zhang2019sensitive,
  title={A sensitive network jitter measurement for covert timing channels over interactive traffic},
  author={Zhang, Quanxin and Gong, Hanxiao and Zhang, Xiaosong and Liang, Chen and Tan, Yu-an},
  journal={Multimedia Tools and Applications},
  volume={78},
  number={3},
  pages={3493--3509},
  year={2019},
  publisher={Springer}
}

@online{lstsq,
  title = {numpy.linalg.lstsq},
  year = 2019,
  url = {https://docs.scipy.org/ doc/numpy/reference/generated/numpy.linalg.lstsq.html},
  urldate = {2020-02-17}
}

@article{ventre2018sdn,
  title={SDN architecture and southbound APIs for IPv6 segment routing enabled wide area networks},
  author={Ventre, Pier Luigi and Tajiki, Mohammad Mahdi and Salsano, Stefano and Filsfils, Clarence},
  journal={IEEE Transactions on Network and Service Management},
  volume={15},
  number={4},
  pages={1378--1392},
  year={2018},
  publisher={IEEE}
}

@book{adams1995hitchhiker,
  title={The Hitchhiker's Guide to the Galaxy},
  author={Adams, D.},
  isbn={9781417642595},
  url={http://books.google.com/books?id=W-xMPgAACAAJ},
  year={1995},
  publisher={San Val}
}
@article{tajiki2017optimal,
  title={Optimal Qos-aware network reconfiguration in software defined cloud data centers},
  author={Tajiki, Mohammad Mahdi and Akbari, Behzad and Mokari, Nader},
  journal={Computer Networks},
  volume={120},
  pages={71--86},
  year={2017},
  publisher={Elsevier}
}
@article{kamoun2018ip,
  title={IP/MPLS networks with hardened pipes: service concepts, traffic engineering and design considerations},
  author={Kamoun, Faouzi and Outay, Fatma},
  journal={Journal of Ambient Intelligence and Humanized Computing},
  pages={1--8},
  year={2018},
  publisher={Springer}
}
@article{lin2018dte,
  title={DTE-SDN: A Dynamic Traffic Engineering Engine for Delay-sensitive Transfer},
  author={Lin, Chuan and Bi, Yuanguo and Zhao, Hai and Liu, Zheng and Jia, Siyuan and Zhu, Jian},
  journal={IEEE Internet of Things Journal},
  year={2018},
  publisher={IEEE}
}
@inproceedings{tajiki2018energy,
  title={Energy-efficient Path Allocation Heuristic for Service Function Chaining},
  author={Tajiki, Mohammad M and Salsano, Stefano and Shojafar, Mohammad and Chiaraviglio, Luca and Akbari, Behzad},
  booktitle={Proceedings of the 2018 21th Conference on Innovations in Clouds, Internet and Networks (ICIN), Paris, France},
  pages={20--22},
  year={2018}
}
@inproceedings{guo2015pingmesh,
  title={Pingmesh: A large-scale system for data center network latency measurement and analysis},
  author={Guo, Chuanxiong and Yuan, Lihua and Xiang, Dong and Dang, Yingnong and Huang, Ray and Maltz, Dave and Liu, Zhaoyi and Wang, Vin and Pang, Bin and Chen, Hua and others},
  booktitle={ACM SIGCOMM Computer Communication Review},
  volume={45},
  pages={139--152},
  year={2015},
  organization={ACM}
}
@inproceedings{roy2018cloud,
  title={Cloud datacenter SDN monitoring: Experiences and challenges},
  author={Roy, Arjun and Bansal, Deepak and Brumley, David and Chandrappa, Harish Kumar and Sharma, Parag and Tewari, Rishabh and Arzani, Behnaz and Snoeren, Alex C},
  booktitle={Proceedings of the Internet Measurement Conference 2018},
  pages={464--470},
  year={2018}
}
@misc{guingo2012distributed,
  title={Distributed architecture for real-time flow measurement at the network domain level},
  author={Guingo, Pierrick and Mouilleron, Vincent and Jansen, Arnold and Damm, Gerard},
  year={2012},
  month=jan # "~10",
  publisher={Google Patents},
  note={US Patent 8,095,640}
}
@article{gao2016accurate,
  title={Accurate per-packet delay tomography in wireless ad hoc networks},
  author={Gao, Yi and Dong, Wei and Chen, Chun and Zhang, Xiaoyu and Bu, Jiajun and Liu, Xue},
  journal={IEEE/ACM transactions on networking},
  volume={25},
  number={1},
  pages={480--491},
  year={2016},
  publisher={IEEE}
}
@article{nakanishi2018route,
  title={Route referencing and ordering for synchronization-free delay tomography in wireless networks},
  author={Nakanishi, Kensuke and Naka, Teruhito and Hara, Shinsuke and Matsuda, Takahiro and Takizawa, Kenichi and Ono, Fumie and Miura, Ryu},
  journal={EURASIP Journal on Wireless Communications and Networking},
  volume={2018},
  number={1},
  pages={211},
  year={2018},
  publisher={Springer}
}
@article{naka2017route,
  title={Route selection algorithms utilizing the property of the ZDD for compressed sensing-based transmissive network tomography},
  author={Naka, Teruhito and Hara, Shinsuke},
  journal={Procedia Computer Science},
  volume={109},
  pages={124--131},
  year={2017},
  publisher={Elsevier}
}

@inproceedings{gao2014domo,
  title={Domo: passive per-packet delay tomography in wireless ad-hoc networks},
  author={Gao, Yi and Dong, Wei and Chen, Chun and Bu, Jiajun and Chen, Tianyu and Xia, Mingyuan and Liu, Xue and Xu, Xianghua},
  booktitle={2014 IEEE 34th International Conference on Distributed Computing Systems},
  pages={419--428},
  year={2014},
  organization={IEEE}
}
@inproceedings{duffield2001network,
  title={Network delay tomography from end-to-end unicast measurements},
  author={Duffield, Nick G and Horowitz, Joseph and Presti, F Lo and Towsley, D},
  booktitle={Thyrrhenian Internatinal Workshop on Digital Communications},
  pages={576--595},
  year={2001},
  organization={Springer}
}
@article{lawrence2006network,
  title={Network delay tomography using flexicast experiments},
  author={Lawrence, Earl and Michailidis, George and Nair, Vijayan N},
  journal={Journal of the Royal Statistical Society: Series B (Statistical Methodology)},
  volume={68},
  number={5},
  pages={785--813},
  year={2006},
  publisher={Wiley Online Library}
}
@article{tsang2003network,
  title={Network delay tomography},
  author={Tsang, Yolanda and Coates, Mark and Nowak, Robert D},
  journal={IEEE Transactions on Signal Processing},
  volume={51},
  number={8},
  pages={2125--2136},
  year={2003},
  publisher={IEEE}
}
@article{gamage2019one,
  title={ONE-WAY END-TO-END PATH DELAY MEASUREMENT FOR SR/SRV6 TRAFFIC ENGINEERING POLICIES WITHOUT CLOCK SYNCHRONIZATION IN SOFTWARE DEFINED NETWORKS},
  author={Gamage, Amila Tharaperiya and Dukes, Darren and Gandhi, Rakesh and Valceanu, Radu and Khordoc, Patrick},
  journal={Technical Disclosure Commons},
  year={2019}
}
@inproceedings{van2014opennetmon,
  title={Opennetmon: Network monitoring in openflow software-defined networks},
  author={Van Adrichem, Niels LM and Doerr, Christian and Kuipers, Fernando A},
  booktitle={2014 IEEE Network Operations and Management Symposium (NOMS)},
  pages={1--8},
  year={2014},
  organization={IEEE}
}
@article{di2010new,
  title={New method to measure end-to-end delay of virtual reality},
  author={Di Luca, Massimiliano},
  journal={Presence: Teleoperators and Virtual Environments},
  volume={19},
  number={6},
  pages={569--584},
  year={2010},
  publisher={MIT Press}
}
@inproceedings{hernandez2007one,
  title={One-way delay measurement and characterization},
  author={Hernandez, Ana and Magana, Eduardo},
  booktitle={International Conference on Networking and Services (ICNS'07)},
  pages={114--114},
  year={2007},
  organization={IEEE}
}
@inproceedings{bovy2002analysis,
  title={Analysis of end-to-end delay measurements in Internet},
  author={Bovy, CJ and Mertodimedjo, HT and Hooghiemstra, Gerard and Uijterwaal, Henk and Van Mieghem, Piet},
  booktitle={Proc. of the Passive and Active Measurement Workshop-PAM},
  volume={2002},
  year={2002},
  organization={sn}
}
@misc{salonidis2015device,
  title={Device and method for computation of channel loss rate and collision loss rate of communication link (s) in a random access network},
  author={Salonidis, Theodoros and Sotiropoulos, Georgios and Guerin, Roch and Govindan, Ramesh},
  year={2015},
  month=dec # "~8",
  publisher={Google Patents},
  note={US Patent 9,210,055}
}
@techreport{mizrahi2015loss,
  title={Loss and Delay Measurement in Transparent Interconnection of Lots of Links (TRILL)},
  institution ={IETF},
  author={Mizrahi, T and Senevirathne, T and Salam, S and Kumar, D and Eastlake 3rd, D},
  year={2015}
}
@article{goldberg2015path,
  title={Path-quality monitoring in the presence of adversaries: The secure sketch protocols},
  author={Goldberg, Sharon and Xiao, David and Tromer, Eran and Barak, Boaz and Rexford, Jennifer},
  journal={IEEE/ACM Transactions on Networking},
  volume={23},
  number={6},
  pages={1729--1741},
  year={2015},
  publisher={IEEE}
}
@inproceedings{schlinker2017engineering,
  title={Engineering egress with edge fabric: Steering oceans of content to the world},
  author={Schlinker, Brandon and Kim, Hyojeong and Cui, Timothy and Katz-Bassett, Ethan and Madhyastha, Harsha V and Cunha, Italo and Quinn, James and Hasan, Saif and Lapukhov, Petr and Zeng, Hongyi},
  booktitle={Proceedings of the Conference of the ACM Special Interest Group on Data Communication},
  pages={418--431},
  year={2017},
  organization={ACM}
}
@phdthesis{benson2012new,
  title={New paradigms for managing the complexity and improving the performance of enterprise networks},
  author={Benson, Theophilus A},
  year={2012},
  school={The University of Wisconsin-Madison}
}
@inproceedings{bhatia2015optimized,
  title={Optimized network traffic engineering using segment routing},
  author={Bhatia, Randeep and Hao, Fang and Kodialam, Murali and Lakshman, TV},
  booktitle={Computer Communications (INFOCOM), 2015 IEEE Conference on},
  pages={657--665},
  year={2015},
  organization={IEEE}
}

@book{ettinger2007pinpoint,
  title={Pinpoint: Identifying Packet Loss Culprits Using Adaptive Sampling},
  author={Ettinger, Evan and McFee, Brian and Freund, Yoav S},
  year={2007},
  publisher={[Department of Computer Science and Engineering], University of California~â€¦}
}

@inproceedings{sommers2017automatic,
  title={Automatic metadata generation for active measurement},
  author={Sommers, Joel and Durairajan, Ramakrishnan and Barford, Paul},
  booktitle={Proceedings of the 2017 Internet Measurement Conference},
  pages={261--267},
  year={2017},
  organization={ACM}
}

@inproceedings{zeng2012automatic,
  title={Automatic test packet generation},
  author={Zeng, Hongyi and Kazemian, Peyman and Varghese, George and McKeown, Nick},
  booktitle={Proceedings of the 8th international conference on Emerging networking experiments and technologies},
  pages={241--252},
  year={2012},
  organization={ACM}
}

@inproceedings{yaseen2018synchronized,
  title={Synchronized network snapshots},
  author={Yaseen, Nofel and Sonchack, John and Liu, Vincent},
  booktitle={Proceedings of the 2018 Conference of the ACM Special Interest Group on Data Communication},
  pages={402--416},
  year={2018},
  organization={ACM}
}

@inproceedings{huang2018sketchlearn,
  title={Sketchlearn: relieving user burdens in approximate measurement with automated statistical inference},
  author={Huang, Qun and Lee, Patrick PC and Bao, Yungang},
  booktitle={Proceedings of the 2018 Conference of the ACM Special Interest Group on Data Communication},
  pages={576--590},
  year={2018},
  organization={ACM}
}

@inproceedings{dhamdhere2018inferring,
  title={Inferring persistent interdomain congestion},
  author={Dhamdhere, Amogh and Clark, David D and Gamero-Garrido, Alexander and Luckie, Matthew and Mok, Ricky KP and Akiwate, Gautam and Gogia, Kabir and Bajpai, Vaibhav and Snoeren, Alex C and Claffy, Kc},
  booktitle={Proceedings of the 2018 Conference of the ACM Special Interest Group on Data Communication},
  pages={1--15},
  year={2018},
  organization={ACM}
}
@inproceedings{yang2018elastic,
  title={Elastic sketch: Adaptive and fast network-wide measurements},
  author={Yang, Tong and Jiang, Jie and Liu, Peng and Huang, Qun and Gong, Junzhi and Zhou, Yang and Miao, Rui and Li, Xiaoming and Uhlig, Steve},
  booktitle={Proceedings of the 2018 Conference of the ACM Special Interest Group on Data Communication},
  pages={561--575},
  year={2018},
  organization={ACM}
}

@techreport{rfc1349,
  author = {P. Almquist},
  title = {Type of Service in the Internet Protocol Suite},
  howpublished = {Internet Requests for Comments},
  type = {RFC},
  number = 1349,
  year = {1992},
  month = {6},
  publisher = {RFC Editor},
  institution = {RFC Editor},
  url = {https://tools.ietf.org/html/rfc1349\#section-5}
}

@online{topologyzoo,
  title = {The Internet Topology Zoo Dataset},
  year = 2012,
  url = {http://www.topology-zoo.org/dataset.html},
  urldate = {2012-07-18}
}

@inproceedings{kaur2014mininet,
  title={Mininet as software defined networking testing platform},
  author={Kaur, Karamjeet and Singh, Japinder and Ghumman, Navtej Singh},
  booktitle={International Conference on Communication, Computing \& Systems (ICCCS)},
  pages={118--122},
  year={2020}
}
@online{ovsdoc,
  title = {Open vSwitch Release 2.13.90},
  year = 2020,
  pages={118--122},
  url = {http://docs.openvswitch.org/_/downloads/en/latest/pdf/},
  urldate = {2020-03-13}
}
